
@book{wolfe:1996,
 title = "High Performance Compilers for Parallel Computing",
 author = "Wolfe, Michael",
 publisher = "Addison-Wesley",
 year = "1996",
}
 
@misc{opencl,
 title = "{The OpenCL Specification 1.1}",
 editor = "Aaftab Munshi",
 key = "Aaftab Munshi",
 institution = "Khronos OpenCL Working Group",
 url = "http://www.khronos.org/opencl/",
}

@manual{parse::yapp,
 title = "Parse::Yapp",
 author = "Francois Desarmenien",
 url = "http://search.cpan.org/~fdesar/",
}

@article{consel:1998,
 author = {Consel, C. and Hornof, L. and Marlet, R. and Muller, G. and Thibault, S. and Volanschi, E.-N. and Lawall, J. and Noy\'{e}, J.},
 title = {Tempo: Specializing Systems Applications and Beyond C},
 journal = {ACM Comput. Surv.},
 volume = {30},
 issue = {3es},
 month = {September},
 year = {1998},
 issn = {0360-0300},
 articleno = {19},
 acmid = {289140},
 publisher = {ACM},
 address = {New York, NY, USA},
} 

@techreport{chambers:1992,
 author = {Craig Chambers},
 title = {The Design and Implementation of the SELF Compiler, an Optimizing Compiler for Object-Oriented Programming Languages},
 institution = {Stanford University},
 year = {1992},
}

@incollection {bolz:2010,
 author = {Bolz, Carl and Leuschel, Michael and Rigo, Armin},
 affiliation = {Heinrich-Heine Universität Düsseldorf Institut für Informatik Universitätsstr. 1 D-40225 Düsseldorf},
 title = {Towards Just-In-Time Partial Evaluation of Prolog},
 booktitle = {Logic-Based Program Synthesis and Transformation},
 series = {Lecture Notes in Computer Science},
 editor = {De Schreye, Danny},
 publisher = {Springer Berlin / Heidelberg},
 pages = {158-172},
 volume = {6037},
 year = {2010},
}

@misc{webber:2011,
  author = {Webber, Rick},
  title = "{clUtil - making OpenCL as easy to use as CUDA (Website)}",
  year = {2011},
  howpublished = {\url{http://forums.nvidia.com/index.php?showtopic=188713\&pid=1199058\&st=0}},
  note = {Archived at \url{http://www.webcitation.org/5z3zH1mtA} on May 30, 2011},
}

@misc{hutter:2011,
  author = {Marco Hutter},
  title = "{JOCL - Java bindings for OpenCL (Website)}",
  year = {2011},
  howpublished = {\url{http://www.jocl.org/}},
}

@misc{rossross:2011,
  author = "Sean Ross-Ross",
  title = "Clyther OpenCL interface for Python (Website)",
  year = 2011,
  howpublished = {\url{http://clyther.sourceforge.net/}},
}

@misc{chafik:2011,
  author = "Olivier Chafik",
  title = "ScalaCL optimizing compiler plugin + GPU-backed collections (Website)",
  year = 2011,
  howpublished = {\url{http://code.google.com/p/scalacl/}},
}
  
@incollection {zabih:1994,
   author = {Zabih, Ramin and Woodfill, John},
   affiliation = {Cornell University Computer Science Department 14853-7501 Ithaca NY USA 14853-7501 Ithaca NY USA},
   title = {Non-parametric local transforms for computing visual correspondence},
   booktitle = {Computer Vision — ECCV '94},
   series = {Lecture Notes in Computer Science},
   editor = {Eklundh, Jan-Olof},
   publisher = {Springer Berlin / Heidelberg},
   isbn = {},
   pages = {151-158},
   volume = {801},
   url = {http://dx.doi.org/10.1007/BFb0028345},
   note = {10.1007/BFb0028345},
   year = {1994}
}

@article{hirschmuller:2005,
  author = {Heiko Hirschmuller},
  title = {Accurate and Efficient Stereo Processing by Semi-Global Matching and Mutual Information},
  journal ={Computer Vision and Pattern Recognition, IEEE Computer Society Conference on},
  volume = {2},
  issn = {1063-6919},
  year = {2005},
  pages = {807-814},
  doi = {http://doi.ieeecomputersociety.org/10.1109/CVPR.2005.56},
  publisher = {IEEE Computer Society},
  address = {Los Alamitos, CA, USA},
}

@article{hirschmuller:2007,
  title = {Evaluation of Cost Functions for Stereo Matching},
  author = {Heiko Hirschmuller},
  year = {2007},
}
